<?xml version="1.0" encoding="UTF-8"?><record xmlns="http://www.loc.gov/MARC21/slim" xmlns:cinclude="http://apache.org/cocoon/include/1.0" xmlns:zs="http://www.loc.gov/zing/srw/">
  <leader>00396nz  a2200133n  4500</leader>
  <controlfield tag="001">no2003122685</controlfield>
  <controlfield tag="003">DLC</controlfield>
  <controlfield tag="005">20031206071106.0</controlfield>
  <controlfield tag="008">031205n| acannaabn          |n ana     c</controlfield>
  <datafield tag="010" ind1=" " ind2=" ">
    <subfield code="a">no2003122685</subfield>
  </datafield>
  <datafield tag="035" ind1=" " ind2=" ">
    <subfield code="a">(OCoLC)oca06221314</subfield>
  </datafield>
  <datafield tag="040" ind1=" " ind2=" ">
    <subfield code="a">NIC-Mu</subfield>
    <subfield code="b">eng</subfield>
    <subfield code="c">NIC-Mu</subfield>
  </datafield>
  <datafield tag="110" ind1="2" ind2=" ">
    <subfield code="a">Caramel Mou (Musical group)</subfield>
  </datafield>
  <datafield tag="670" ind1=" " ind2=" ">
    <subfield code="a">Caramel Mou. Caramel Mou, p1974:</subfield>
    <subfield code="b">container (Caramel Mou; pop group based in QueĚbec)</subfield>
  </datafield>
</record>